<?xml version="1.0" encoding="UTF-8"?><collection xmlns="http://www.loc.gov/MARC21/slim"><record><leader>00404nam--2200121-i-4500</leader><controlfield tag="001">000031883</controlfield><controlfield tag="002">20161230</controlfield><controlfield tag="005">20161230201038</controlfield><controlfield tag="008">060222s1000------------r-----000-0-eng-d</controlfield><datafield ind1=" " ind2=" " tag="080"><subfield code="a">061.62(047:430.1):533.9(047:430.1)</subfield></datafield><datafield ind1=" " ind2=" " tag="245"><subfield code="a">Max-plank-institut fur plasmaphysik. garching bei munchen. jahresbericht 1975</subfield></datafield><datafield ind1=" " ind2=" " tag="260"><subfield code="a">Garching Bei Munchen, Max-planck-institut Fur Plasma Physik, 1975, 156p</subfield></datafield><datafield ind1=" " ind2=" " tag="852"><subfield code="a">39987</subfield></datafield></record></collection>